@MISC{comoda,
  title = {LDOS-CoMoDa},
  howpublished = {\url{https://www.lucami.org/en/research/ldos-comoda-dataset/}},
  note = {Accessed: 2020-10-23}
 }

@article{COMODA2013,
author = {Odic, Ante and Ante, and TKALČIČ, and Marko, and TASIČ, and F, Jurij and Kosir, Andrej and Andrej,},
year = {2013},
month = {01},
pages = {},
title = {Predicting and Detecting the Relevant Contextual Information in a Movie-Recommender System},
volume = {25},
journal = {Interacting with Computers},
doi = {10.1093/iwc/iws003}
}